@article{chaudhuri11,
 author = {Chaudhuri, Kamalika and Monteleoni, Claire and Sarwate, Anand D.},
 title = {Differentially Private Empirical Risk Minimization},
 journal = {J. Mach. Learn. Res.},
 volume = {12},
 year = {2011},
} 

@article{kifer12,
 author = {Daniel Kifer and Adam Smith and Abhradeep Thakurta},
 title = {Private Convex Empirical Risk Minimization and High-dimensional Regression},
 journal = {J. Mach. Learn. Res.},
 volume = {23},
 year = {2012},
} 

@inproceedings{shalev-shwartz08,
 author = {Shalev-Shwartz, Shai and Srebro, Nathan},
 title = {SVM optimization: inverse dependence on training set size},
 booktitle = {ICML},
 year = {2008},
} 

@inproceedings{sridharan08,
    author = {Karthik Sridharan and Nathan Srebro and Shai Shalev-shwartz},
    title = {Fast rates for regularized objectives},
    booktitle = {NIPS},
    year = {2008}
}

@inproceedings{dwork06,
    author = {Cynthia Dwork},
    title = {Differential Privacy},
    booktitle = {ICALP},
    year = {2006}
}

@incollection{fischer12,
    year={2012},
    booktitle={Progress in Pattern Recognition, Image Analysis, Computer Vision, and Applications},
    volume={7441},
    series={Lecture Notes in Computer Science},
    title={An Introduction to Restricted Boltzmann Machines},
    author={Fischer, Asja and Igel, Christian},
}

@article{hinton02,
 author = {Hinton, Geoffrey E.},
 title = {Training products of experts by minimizing contrastive divergence},
 journal = {Neural Comput.},
 volume = {14},
 number = {8},
 year = {2002},
} 

@inproceedings{nissim07,
 author = {Nissim, Kobbi and Raskhodnikova, Sofya and Smith, Adam},
 title = {Smooth sensitivity and sampling in private data analysis},
 booktitle = {STOC},
 year = {2007},
} 

@book{bishop06,
 author = {Bishop, Christopher M.},
 title = {Pattern Recognition and Machine Learning (Information Science and Statistics)},
 year = {2006},
} 

@article{li00,
 author = {Li, Xiaolin and Parizeau, Marc and Plamondon, R{\'e}jean},
 title = {Training Hidden Markov Models with Multiple Observations-A Combinatorial Method},
 journal = {IEEE Trans. Pattern Anal. Mach. Intell.},
 year = {2000},
} 

@inproceedings{karwa11,
    author = {Vishesh Karwa and Sofya Raskhodnikova and Adam Smith and Grigory Yaroslavtsev},
    title = {Private analysis of graph structure},
    booktitle = {VLDB},
    year = {2011}
}

@inproceedings{dwork06b,
 author = {Dwork, Cynthia and McSherry, Frank and Nissim, Kobbi and Smith, Adam},
 title = {Calibrating noise to sensitivity in private data analysis},
 booktitle = {TCC},
 year = {2006},
} 

@inproceedings{zinkevich10,
  author    = {Martin Zinkevich and Markus Weimer and Alexander J. Smola and Lihong Li},
  title     = {Parallelized Stochastic Gradient Descent},
  booktitle = {NIPS},
  year      = {2010},
}

@article{jain12,
  author    = {Prateek Jain and Pravesh Kothari and Abhradeep Thakurta},
  title     = {Differentially Private Online Learning},
  journal   = {J. Mach. Learn. Res.},
  volume    = {23},
  year      = {2012},
}

@book{boyd04,
 author = {Boyd, Stephen and Vandenberghe, Lieven},
 title = {Convex Optimization},
 year = {2004},
 publisher = {Cambridge University Press},
} 

@article{laforgia12,
    title = "On the asymptotic expansion of a ratio of gamma functions ",
    journal = "Journal of Mathematical Analysis and Applications ",
    volume = "389",
    number = "2",
    pages = "833 - 837",
    year = "2012",
    note = "",
    author = "A. Laforgia and P. Natalini",
}

@inproceedings{rakhlin12,
  author    = {Alexander Rakhlin and Ohad Shamir and Karthik Sridharan},
  title     = {Making Gradient Descent Optimal for Strongly Convex Stochastic
               Optimization},
  booktitle = {ICML},
  year      = {2012},
}

@article{rubinstein09,
  title = {Learning in a large function space: Privacy preserving
mechanisms for {SVM} learning},
  author = {Benjamin I.~P.~Rubinstein and Peter~L.~Bartlett
and Ling Huang and Nina Taft},
  journal = {Journal of Privacy and Confidentiality},
  volume = {4},
  year = {2012},
}

@inproceedings{wang09,
 author = {Wang, Rui and Li, Yong Fuga and Wang, XiaoFeng and Tang, Haixu and Zhou, Xiaoyong},
 title = {Learning Your Identity and Disease from Research Papers: Information Leaks in Genome Wide Association Study},
 booktitle = {CCS},
 year = {2009},
} 

@article{hall13,
 author = {Hall, Rob and Rinaldo, Alessandro and Wasserman, Larry},
 title = {Differential Privacy for Functions and Functional Data},
 journal = {J. Mach. Learn. Res.},
 volume = {14},
 year = {2013},
} 

@inproceedings{recht12,
  author={Benjamin Recht and Christopher Re},
  title={Toward a noncommutative arithmetic-geometric mean inequality},
  booktitle={COLT},
  year={2012}
}
  
@misc{bache13,
	author = "K. Bache and M. Lichman",
	year = "2013",
	title = "{UCI} Machine Learning Repository",
	url = "http://archive.ics.uci.edu/ml",
	institution = "University of California, Irvine, School of Information and Computer Sciences" 
}

@phdthesis{blackard98,
	title="{Comparison of Neural Networks and Discriminant Analysis in Predicting Forest Cover Types}",
	author={Jock Blackard},
	school={Colorado State University},
	year={1998}
}

@article{sweeney97,
    author = {Sweeney, Latanya},
    journal = {Journal of Law, Medicine \& Ethics},
    title = {{Weaving Technology and Policy Together to Maintain Confidentiality}},
    volume = {25},
    year = {1997}
}

@inproceedings{narayanan08,
 author = {Narayanan, Arvind and Shmatikov, Vitaly},
 title = {Robust De-anonymization of Large Sparse Datasets},
 booktitle = {IEEE Symposium on Security and Privacy},
 year = {2008},
} 

@article{yao07,
    year={2007},
    journal={Constructive Approximation},
    volume={26},
    title={On Early Stopping in Gradient Descent Learning},
    author={Yao, Yuan and Rosasco, Lorenzo and Caponnetto, Andrea},
}

@article{kenthapadi12,
    author={Krishnaram Kenthapadi and Aleksandra Korolova and Ilya Mironov and Nina Mishra},
    title={Privacy via the Johnson-Lindenstrauss Transform},
    journal={Journal of Privacy and Confidentiality},
    volume = {5},
    year={2013},
}

@inproceedings{dwork10,
 author = {Dwork, Cynthia and Rothblum, Guy N. and Vadhan, Salil},
 title = {Boosting and Differential Privacy},
 series = {FOCS},
 year = {2010},
} 

@inproceedings{mcsherry07,
 author = {McSherry, Frank and Talwar, Kunal},
 title = {Mechanism Design via Differential Privacy},
 booktitle = {FOCS},
 year = {2007},
} 

@article{atchade06,
	year={2006},
	journal={Methodology and Computing in Applied Probability},
	volume={8},
	number={2},
	title={An Adaptive Version for the Metropolis Adjusted Langevin Algorithm with a Truncated Drift},
	author={Yves F. Atchade},
}

@article{jarner00,
    title = "Geometric ergodicity of Metropolis algorithms ",
    journal = "Stochastic Processes and their Applications ",
    volume = "85",
    number = "2",
    pages = "341 - 361",
    year = "2000",
    author = "SÃ¸ren Fiig Jarner and Ernst Hansen",
}
